<?xml version="1.0" encoding="UTF-8"?><record xmlns="http://www.loc.gov/MARC21/slim" xmlns:cinclude="http://apache.org/cocoon/include/1.0" xmlns:zs="http://www.loc.gov/zing/srw/">
  <leader>00484nz  a2200133n  4500</leader>
  <controlfield tag="001">n  84000022 </controlfield>
  <controlfield tag="003">DLC</controlfield>
  <controlfield tag="005">19841129133412.1</controlfield>
  <controlfield tag="008">841025n| acannaab|          |a aaa ||| c</controlfield>
  <datafield tag="010" ind1=" " ind2=" ">
    <subfield code="a">n  84000022 </subfield>
  </datafield>
  <datafield tag="040" ind1=" " ind2=" ">
    <subfield code="a">IU</subfield>
    <subfield code="c">DLC</subfield>
    <subfield code="d">DLC</subfield>
  </datafield>
  <datafield tag="100" ind1="1" ind2="0">
    <subfield code="a">Balobaev, V. T.</subfield>
    <subfield code="q">(Vi︠a︡cheslav Timofeevich)</subfield>
  </datafield>
  <datafield tag="400" ind1="1" ind2="0">
    <subfield code="a">Balobaev, Vi︠a︡cheslav Timofeevich</subfield>
  </datafield>
  <datafield tag="670" ind1=" " ind2=" ">
    <subfield code="a">Teplofizicheskie issledovanii︠a︡ kriolitozony Sibiri, 1983:</subfield>
    <subfield code="b">verso t.p. (Balobaev, V.T.) colophon (Vi︠a︡cheslav Timofeevich Balobaev)</subfield>
  </datafield>
</record>